@manual{mpsbr,
	Author = {Softex},
	Date-Added = {2013-02-17 13:37:14 +0000},
	Date-Modified = {2013-02-17 13:38:38 +0000},
	Month = {Setembro},
	Title = {Guia de Implementacao - Parte 2: Fundamentacao para Implementacao do Nivel F do MR-MPS-SW:2012},
	Url = {http://www.softex.br/wp-content/uploads/2013/07/MPS.BR_Guia_de_Implementacao_Parte_2_2013.pdf},
	Urlaccessdate = {17.4.2014},
	Year = {2013}}	
	

@monography{ALMEIDA:2011,
	address={Brasília},
	author={Lucas Augusto Almeida},
	pages={48},
	school={Universidade de Brasília},
	title={Hydra: Desenvolvimento de uma aplicação ubíqua para redirecionamento de serviços no middleware uOS},
	year={2011}
}

@monography{CAMPOS:2007,
	address={Curitiba},
	author={Humberto Vinicius Aparecido de Campos},
	pages={90},
	school={Centro Universitário Positivo},
	title={PBX-IP: Gerenciando Tecnologias de Telecomunicações},
	year={2007}
}

@monography{DARU:2008,
	address={Joinville},
	type={Dissertação},
	author={Jilsimaico Henrique Dar{\'{u}}},
	pages={58},
	school={Sociedade Educacional de Santa Catarina},
	title={Implantação do sistema DISC-OS},
	year={2008}
}


@manual{AMAE2014,
	Author = {Agencia Municipal de Regulacao dos Serviços de Agua e Esgotos de Joinville},
	Month = {Agosto},
	Title = {Relatorio de Analise Regulatoria da Companhia de Aguas de Joinville},
	Url = {http://www.amae.sc.gov.br/wp-content/uploads/2014/12/Relatorio-de-Analise-Regulatoria-Agosto-2014.pdf},
	Urlaccessdate = {14.4.2015},
	Year = {2014}}	


@misc{asteriskAgi,
	title={Asterisk},
	url={http://www.voip-info.org/wiki/view/Asterisk+AGI},
	urlaccessdate={03.08.2015},	
	year={2014}
}
	
@manual{leiAtendimentoAoConsumidor,	
	address={Brasília, DF},
	organization={Brasil},
	title={Regulamenta a Lei no 8.078, de 11 de setembro de 1990, para fixar normas gerais sobre o Serviço de Atendimento ao Consumidor - SAC.},
	url={http://www.planalto.gov.br/ccivil_03/_ato2007-2010/2008/decreto/d6523.htm},
	year={2008}}
	
@manual{COMPESA:URA,
	organization  = {Companhia Pernambucana de Saneamento},
	org-short	= {COMPESA},
	address = {Recife},
	title	= {Teleatendimento (Call Center)},
	url	={https://lojavirtual.compesa.com.br:8443/gsan/exibirCanaisAtendimentoCompesaAction.do?method=teleatendimento},
	urlaccessdate={14.05.2014},
	year={2007}
}	

@article{fowler2003,
	author  = {Martin Fowler},
	title	= {Model View Controller},
	month	= {January},
	year	= {2003},
	url		= {http://martinfowler.com/eaaCatalog/modelViewController.html},
	Urlaccessdate = {10.5.2014}
}	

@article{MEIRELLES2014,
	author  = {Fernando Souza Meirelles},
	title	= {Tecnologia de Informação},
	year	= {2014},
	url		= {http://eaesp.fgvsp.br/sites/eaesp.fgvsp.br/files/pesqti-gvcia2014ppt.pdf},
	Urlaccessdate = {10.5.2014}
}

@misc{PORTAL:2014,
	organization = {Portal do software P{\'{u}}blico Brasileiro},
	title={Comunidade GSAN},
	url={http://www.portalsoftwarepublic.com.br/ver-comunidade?community_id=1593449},
	urlaccessdate={04.04.2014},	
	year={2007}
}

@article{PMSS:2014,
	organization = {Programa de Modernização do Setor de Saneamento (PMSS)},
	org-short	= {PMSS},
	title	= {Comunidade GSAN},
	url		= {http://www.pmss.gov.br/index.php/gsan},
	urlaccessdate	= {09.05.2015},	
	month	= {Abril},
	year	= {2015}
}

@article{SNIS:2014,
	organization = {Sistema Nacional de Informações sobre Saneamento (SNIS)},
	org-short	= {SNIS},
	title	= {Diagnóstico dos Serviços de Água e Esgotos - 2013},
	url		= {http://www.snis.gov.br/index.php/diagnostico-agua-e-esgotos/diagnostico-ae-2013},
	urlaccessdate	= {09.05.2015},	
	month	= {Abril},
	year	= {2015}
}


@monography{VIEIRA:2007,
	address={Florianópolis},
	type={Dissertação},
	author={Guilherme Vieira},
	school={Universidade Federal de Santa Catarina},
	title={Módulo de integração VoIPWEB},
	year={2007}
}